<record><leader>01453cam a2200421 i 45 0</leader><controlfield tag="001">6850064</controlfield><controlfield tag="005">20150130084843.0</controlfield><controlfield tag="008">140421s2015    enka     b    001 0 eng  </controlfield><datafield ind1=" " ind2=" " tag="010"><subfield code="a">  2014015828</subfield></datafield><datafield ind1=" " ind2=" " tag="020"><subfield code="a">9781107675414 (pbk.)</subfield></datafield><datafield ind1=" " ind2=" " tag="035"><subfield code="a">ocn878098883</subfield></datafield><datafield ind1=" " ind2=" " tag="040"><subfield code="a">DNLM</subfield><subfield code="b">eng</subfield><subfield code="e">rda</subfield><subfield code="c">DNLM</subfield><subfield code="A">ERA</subfield></datafield><datafield ind1="0" ind2="9" tag="041"><subfield code="a">eng</subfield></datafield><datafield ind1=" " ind2=" " tag="042"><subfield code="a">pcc</subfield></datafield><datafield ind1=" " ind2=" " tag="044"><subfield code="9">England</subfield></datafield><datafield ind1="0" ind2="0" tag="060"><subfield code="a">2015 A-778</subfield></datafield><datafield ind1="1" ind2="0" tag="060"><subfield code="a">WJ 190</subfield></datafield><datafield ind1=" " ind2=" " tag="090"><subfield code="a">RG 158 A38 2015</subfield><subfield code="b">AEU</subfield></datafield><datafield ind1=" " ind2=" " tag="090"><subfield code="a">WP 190 A189 2015</subfield><subfield code="b">AERA</subfield></datafield><datafield ind1="0" ind2="0" tag="245"><subfield code="a">Acute care and emergency gynecology :</subfield><subfield code="b">a case-based approach /</subfield><subfield code="c">edited by David Chelmow, Christine R. Isaacs, Ashley Carroll.</subfield></datafield><datafield ind1=" " ind2="1" tag="264"><subfield code="a">Cambridge :</subfield><subfield code="b">Cambridge University Press,</subfield><subfield code="c">2015.</subfield></datafield><datafield ind1=" " ind2=" " tag="300"><subfield code="a">xv, 303 pages :</subfield><subfield code="b">illustrations</subfield></datafield><datafield ind1=" " ind2=" " tag="336"><subfield code="a">text</subfield><subfield code="2">rdacontent</subfield></datafield><datafield ind1=" " ind2=" " tag="337"><subfield code="a">unmediated</subfield><subfield code="2">rdamedia</subfield></datafield><datafield ind1=" " ind2=" " tag="338"><subfield code="a">volume</subfield><subfield code="2">rdacarrier</subfield></datafield><datafield ind1="1" ind2=" " tag="490"><subfield code="a">Cambridge medicine</subfield></datafield><datafield ind1=" " ind2=" " tag="504"><subfield code="a">Includes bibliographical references and index.</subfield></datafield><datafield ind1=" " ind2=" " tag="596"><subfield code="a">19 42</subfield></datafield><datafield ind1="1" ind2="2" tag="650"><subfield code="a">Female Urogenital Diseases</subfield></datafield><datafield ind1="2" ind2="2" tag="650"><subfield code="a">Emergency Treatment</subfield></datafield><datafield ind1="2" ind2="2" tag="650"><subfield code="a">Critical Care</subfield></datafield><datafield ind1=" " ind2="2" tag="655"><subfield code="a">Case Reports</subfield></datafield><datafield ind1="1" ind2=" " tag="700"><subfield code="a">Chelmow, David,</subfield><subfield code="e">editor.</subfield></datafield><datafield ind1="1" ind2=" " tag="700"><subfield code="a">Isaacs, Christine R.,</subfield><subfield code="e">editor.</subfield></datafield><datafield ind1="1" ind2=" " tag="700"><subfield code="a">Carroll, Ashley,</subfield><subfield code="e">editor.</subfield></datafield><datafield ind1=" " ind2="0" tag="830"><subfield code="a">Cambridge medicine.</subfield></datafield><datafield ind1=" " ind2=" " tag="926"><subfield code="a">WP 190 A189 2015</subfield><subfield code="w">NLM</subfield><subfield code="c">1</subfield><subfield code="i">0163760000782</subfield><subfield code="l">ON_SHELF</subfield><subfield code="m">AHS_RAH</subfield><subfield code="r">Y</subfield><subfield code="s">Y</subfield><subfield code="t">BOOK</subfield><subfield code="u">3/9/2015</subfield></datafield><datafield ind1=" " ind2=" " tag="926"><subfield code="a">RG 158 A38 2015</subfield><subfield code="w">LC</subfield><subfield code="c">1</subfield><subfield code="i">0162034884823</subfield><subfield code="l">ON_SHELF</subfield><subfield code="m">UAHLTHSC</subfield><subfield code="p">$150.00</subfield><subfield code="r">Y</subfield><subfield code="s">Y</subfield><subfield code="t">BOOK</subfield><subfield code="u">12/14/2015</subfield><subfield code="z">COUTTS_ADD</subfield></datafield></record>